%% This BibTeX bibliography file was created using BibDesk.
%% https://bibdesk.sourceforge.io/

%% Created for Simon Symhoven at 2023-05-08 19:00:37 +0200 


%% Saved with string encoding Unicode (UTF-8) 



@misc{machine-learning,
	author = {Prof. Dr. Stephan G{\"u}nnemann},
	date-added = {2023-05-08 18:59:49 +0200},
	date-modified = {2023-05-08 19:00:36 +0200},
	title = {Machine Learning. Lecture 2: Decision Trees},
	year = {2021}}

@misc{hastie_tibshirani_friedman,
	author = {Hastie, Trevor and Tibshirani, Robert and Friedman, Jerome},
	date-modified = {2023-05-03 13:15:06 +0200},
	journal = {SpringerLink},
	publisher = {Springer New York},
	title = {The elements of Statistical Learning},
	url = {https://link.springer.com/book/10.1007/978-0-387-84858-7},
	year = {2009},
	bdsk-url-1 = {https://link.springer.com/book/10.1007/978-0-387-84858-7}}

@article{Charbuty2021ClassificationBO,
	author = {Bahzad Charbuty and Adnan Mohsin Abdulazeez},
	journal = {Journal of Applied Science and Technology Trends},
	title = {Classification Based on Decision Tree Algorithm for Machine Learning},
	year = {2021}}
